% This file was created with JabRef 2.9.2.
% Encoding: Cp1254


@inproceedings{celikyilmaz2010lda,
  title={LDA based similarity modeling for question answering},
  author={Celikyilmaz, Asli and Hakkani-Tur, Dilek and Tur, Gokhan},
  booktitle={Proceedings of the NAACL HLT 2010 Workshop on Semantic Search},
  pages={1--9},
  year={2010},
  organization={Association for Computational Linguistics}
}


@inproceedings{derici2014rule,
  title={Rule-based focus extraction in Turkish question answering systems},
  author={Derici, Caner and Celik, Kerem and Ozgur, Arzucan and Gungor, Tunga and Kutbay, Ekrem and Aydin, Yigit and Kartal, Gunizi},
  booktitle={Signal Processing and Communications Applications Conference (SIU), 2014 22nd},
  pages={1604--1607},
  year={2014},
  organization={IEEE}
}

@inproceedings{GaliotouKT13,
   author              = {Eleni Galiotou and Nikitas Karanikolas and Christodoulos Tsoulloftas},
   title               = {On the effect of stemming algorithms on extractive summarization: a case study.},
   booktitle           = {Panhellenic Conference on Informatics},
   year                = {2013},
   pages               = {300-304},
   ee                  = {http://doi.acm.org/10.1145/2491845.2491889},
}

@article{can2008,
  title={Information retrieval on Turkish texts},
  author={Can, Fazli and Kocberber, Seyit and Balcik, Erman and Kaynak, Cihan and Ocalan, H Cagdas and Vursavas, Onur M},
  journal={Journal of the American Society for Information Science and Technology},
  volume={59},
  number={3},
  pages={407--421},
  year={2008},
  publisher={Wiley Online Library}
}

@inproceedings{yavuz,
  author    = {Muhammed Yavuz Nuzumlali and
               Arzucan {\"{O}}zg{\"{u}}r},
  title     = {Analyzing Stemming Approaches for Turkish Multi-Document Summarization},
  booktitle = {Proceedings of the 2014 Conference on Empirical Methods in Natural
               Language Processing, {EMNLP} 2014, October 25-29, 2014, Doha, Qatar,
               {A} meeting of SIGDAT, a Special Interest Group of the {ACL}},
  pages     = {702--706},
  year      = {2014},
  url       = {http://aclweb.org/anthology/D/D14/D14-1077.pdf},
  timestamp = {Sat, 15 Nov 2014 14:45:18 +0100},
  biburl    = {http://dblp.uni-trier.de/rec/bib/conf/emnlp/NuzumlaliO14},
  bibsource = {dblp computer science bibliography, http://dblp.org}
}
